<?xml version="1.0" encoding="UTF-8"?><collection xmlns="http://www.loc.gov/MARC21/slim"><record><leader>00449nam--2200145-i-4500</leader><controlfield tag="001">000040310</controlfield><controlfield tag="002">20161230</controlfield><controlfield tag="005">20161230201042</controlfield><controlfield tag="008">060222s1000------------r-----000-0-eng-d</controlfield><datafield ind1=" " ind2=" " tag="080"><subfield code="a">512.94:513.531:530.19</subfield></datafield><datafield ind1=" " ind2=" " tag="100"><subfield code="a">Rutherford, D.E</subfield></datafield><datafield ind1=" " ind2=" " tag="245"><subfield code="a">Vector methods, applied to differential geometry, mechanics and potential theory. ninth ed</subfield></datafield><datafield ind1=" " ind2=" " tag="260"><subfield code="a">Edinburg, Oliver And Boyd, 1959, Viii + 135p</subfield></datafield><datafield ind1=" " ind2=" " tag="490"><subfield code="a">Univ.Mathematical Texts</subfield></datafield><datafield ind1=" " ind2=" " tag="852"><subfield code="a">14908</subfield></datafield></record></collection>